
@MISC{WLY:ctex,
  author =       {吴凌云},
  title =        {{C\TeX{}~宏包说明}},
  year =         {2006},
}

@BOOK{TOetiker:lshort,
  AUTHOR =       {Tobias Oetiker and
                  Hubert Partl and
                  Irene Hyna and
                  Elisabeth Schlegl},
  TITLE =        {一份不太简短的~\LaTeXe~介绍},
  note =         {（中国~C\TeX{}~用户小组译，2002~年~5~月）},
}

@BOOK{wang:graph,
  author =       {王磊},
  title =        {\LaTeXe{}~插图指南},
  year =         {2000},
}
@book{deng:01,
author ={{邓建松,~彭冉冉,~陈长松}},
title ={\LaTeXe{}~科技排版指南},
publisher ={科学出版社,~书号:~7-03-009239-2/TP.1516},
year ={2001},
address ={北京},
}
@article{3,
    author={吴凌云},
    title={CTeX-faq.tex,CTeX-faq.sty}
}
@book{lamport:LaTeX,
  author =      {Leslie Lamport},
  title =       {{LaTeX} --- A Document Preparation System: User's Guide and Reference Manual},
  publisher =   {Addison-Wesley},
  year =        {1985},
  address =     {Reading, Massachusetts},
  edition =     {2nd}
}

@book{DEknuth:TeXbook,
  author =      {Donald E. Knuth},
  title =       {The {TeX}book},
  publisher =   {Addison-Wesley},
  year =        {1986},
  volume =      {A},
  address =     {Reading, Massachusetts},
  series =      {Computers and Typesetting}
}


@article{2,
    author={Hideo Umeki},
    title={The geometry package}
}



@article{4,
    author={kmc.best\@gmail.com},
    title={XeTeX: about:fonts}
}

@article{5,
    author={Keith Reckdahl},
    title={Using Import graphics in LaTeX2e}
}